@conference{FTK-1,
author="A. Annovi and others",
title="The {F}ast {T}racker processor for hadron Collider Triggers",
booktitle={IEEE Trans Nucl. Sci.},
page={pp. 575},
year={2001},
month={June},
volume={58},
number={3},
url="http://www.pi.infn.it/~orso/ftk"
};



@InProceedings{,
  author = 	 {},
  title = 	 {},
  OPTcrossref =  {},
  OPTkey = 	 {},
  OPTbooktitle = {},
  OPTpages = 	 {},
  OPTyear = 	 {},
  OPTeditor = 	 {},
  OPTvolume = 	 {},
  OPTnumber = 	 {},
  OPTseries = 	 {},
  OPTaddress = 	 {},
  OPTmonth = 	 {},
  OPTorganization = {},
  OPTpublisher = {},
  OPTnote = 	 {},
  OPTannote = 	 {}
}

@conference{FTK-IEEE-1,
author="A. Annovi et al.",
title = "The fast tracker processor for hadronic collider triggers",
booktitle="IEEE Trans. Vol. 48."
}


@conference{FTK-IEEE-2,
author="A. Annovi et al.",
title= "Hadron collider triggers with high-quality tracking at very high event rates",
booktitle = "IEEE Trans. Vol .51."
};

@misc{ATLAS-5,
author="M. Cervetto",
title="Use of {CDF} {L}inear {F}it in track reconstruction",
booktitle="ATLAS Pesa, Software Workshop",
year="20 Nov. 2002",
url="http://agenda.cern.ch/askArchive.php?base=agenda&categ=a021820s14t21/transarencies"
}

@misc{svtsimhome,
author = {{The CDF Coll.}},
	title = {{SVTSIM} Web Page},
	url = {http://www-cdf.fnal.gov/upgrades/daq_trig/trigger/svt/svtsim.html},

}

@misc{Cramer,
title = {{Cramer}'s rule},
url = {http://en.wikipedia.org/wiki/Cramer's_rule},
}

@misc{FTK_fits,
title = {Less calculations for the track fitter (protected)},
page={pp. 7-23},
url = {http://indico.cern.ch/getFile.py/access?contribId=1&resId=0&materialId=slides&confId=58598},
}

@techreport{SVT-TDR,
author={S.~Belforte and others},
title={Silicon Vertex Trigger Technical Design Report},
note={{CDF/DOC/TRIGGER/PUBLIC/3108}},
year={1995}
}

@techreport{atlas-computing-tdr,
	author = {{The ATLAS Coll}},
	title = {{ATLAS} Computing Technical Design Report},
	month = {July},
	year = {2004},
	note = {{ATLAS TDR-017}, {CERN-LHCC-2005-022}}
}


@misc{rootweb,
author={R. Brun and others},
	title = {{ROOT} Object Oriented Data Analysis Framework},
	url = {http://root.cern.ch/},

}

@misc{athenahome,
author = {{The ATLAS Coll}},
	title = {{ATHENA} Web Page},
	url = {http://atlas.web.cern.ch/Atlas/GROUPS/SOFTWARE/OO/architecture/}
}

@misc{ftksimweb_perf,
author={G. Volpi and others},
	title = {{FTKS}im Performance Summary},
	url = {http://fcdfhome.fnal.gov/usr/volpig/ftk/results071.html},

}

@techreport{hlt-tdr-2003,
  author = {{The ATLAS Coll}},
  title = {{ATLAS} {H}igh-{L}evel Trigger, Data Acquisition and Control Technical Design Report},
  year = {2003},
  note = {{ATLAS-TDR-016}}
}

@techreport{daq-2004-004,
  author = {Simon George},
  title = {The {ATLAS} {B}-Physics Trigger},
  year = {2004},
  note = {{ATL-DAQ-2004-004}}
}

@techreport{lvl1-tdr-98,
  author = {{The ATLAS Coll}},
  title = {Level-1 Trigger Technical Design Report},
  year = {1998},
  note = {{COM-PHYS-2004-053}}
}


@misc{d0web,
	author = {The DZero Experiment},
	title = {http://www-d0.fnal.gov/},

}

@misc{pythiaweb,
	author = {Pythia},
	title = {http://www.thep.lu.se/~torbjorn/Pythia.html},

}

@misc{pythiabweb,
	author = {Maria Smizanska (maria.smizanska@cern.ch)},
	title = {http://www-theory.lbl.gov/~ianh/monte/Generators/PythiaBModule/},
	note = {PythiaB: interface to Pythia6 dedicated to simulation of beauty events.}
}

@unpublished{z0bbbar,
	author = {A. Annovi, I. Vivarelli},
	title = {Study of Z0->bb(bar) using b-tagging at LVL2},
	note = {si puo` trovare in http://www.pi.infn.it/~orso/ftk/},

}


@misc{atlfastweb,
	author = {AtlFast},
	title = {http://www.hep.ucl.ac.uk/atlas/atlfast/},

}

@misc{ipatrecweb,
	author = {iPatRec},
	title = {https://uimon.cern.ch/twiki/bin/view/Atlas/IPatRec},

}

@misc{atlasweb,
	author = {ATLAS (A Toroidal Lhc ApparatuS)},
	title = {http://atlas.web.cern.ch/},

}

@misc{cmsweb,
	author = {CMS (Compact Muon Solenoid)},
	title = {http://cmsinfo.cern.ch/Welcome.html/},

}

@misc{lhcbweb,
	author = {LHCb},
	title = {http://lhcb.web.cern.ch/lhcb/},

}

@misc{aliceweb,
	author = {ALICE (A Large Ion Collider Experiment)},
	title = {http://aliceinfo.cern.ch/},

}

@misc{opalweb,
	title = {http://opal.web.cern.ch/Opal/events/opalpics.html},
	note = {I colori sono stati invertiti rispetto all'originale.}
}

@unpublished{ftkmeet1205,
	author = {AA. VV.},
	title = {FTK Meeting 15 December 2005},
	note = {http://hep.uchicago.edu/cdf/shochet/ftk\_12\_05/meeting.html},

}

@misc{tevatronweb,
	author = {Fermilab Tevatron Main Page},
	title = {http://www-bdnew.fnal.gov/tevatron/},

}

@misc{cdfweb,
	author = {The Collider Detector at Fermilab},
	title = {http://www-cdf.fnal.gov/},

}

@book{griffiths,
	author = {David Griffiths},
	title = {Introduction to Elementary Particles},
	publisher = {John Wiley \& Sons},
	year = {1987},

}

@article{collaboration-1995-74,
	author = {The CDF collaboration},
	title = {Observation of Top Quark Production in Pbar-P Collisions},
	journal = {Physical Review Letters},
	year = {1995},
	volume = {74},
	pages = {2626},
	url = {http://www.citebase.org/cgi-bin/citations?id=oai:arXiv.org:hep-ex/9503002}
}

@article{ieee96,
	author = {S. Belforte and M. Dell'Orso and S. Donati and G. Gagliardi and S. Galeotti and P. Giannetti et al.},
	title = {The SVT Hit Buffer},
	journal = {IEEE Trans. Nucl. Sci},
	year = {1996},
	volume = {43},
	number = {3},
	pages = {1810-1813},

}

@book{phillips,
	author = {Vernon D. Barger and Roger J. N. Phillips},
	title = {Collider Physics (Updated Edition)},
	publisher = {Addison-Wesley},
	year = {1997},

}

@article{svt1,
	author = {A. Bardi and others},
	title = {{SVT}: an online silicon vertex tracker for the {CDF} upgrade},
	journal = {Nucl. Instr. Meth.},
	year = {1998},
	volume = {A409},
	pages = {658-661},
	month = {May},

}

@techreport{TDR1,
	author = {ATLAS Coll},
	title = {ATLAS Detector and Physics Performance: Technical Design Report},
	institution = {CERN},
	year = {1999},
	number = {{CERN-LHCC-99-014}, {ATLAS-TDR-14}},

}

@conference{statusReport,
	author = {W. Witzeling},
	title = {The ATLAS Detector - a Status Report},
	booktitle = {ATL-CONF-99-006},
	year = {1999},

}

@book{perkins,
	author = {Donald H. Perkins},
	title = {Introduction to High Energy Physics},
	publisher = {Cambridge University Press},
	year = {2000},

}

@article{ijmp2000-xft,
	author = {Kenneth Bloom},
	title = {Fast Track Triggering for the CDF II Detector},
	journal = {International Journal of Modern Physics A},
	year = {2000},

}

@article{svt2001,
	author = {W. Ashmanksas and A. Barchiesi and A. Bardi and M. Bari and M. Baumgart and S. Belforte and A. Belloni and J. Berryhill and M. Bogdan and R. Carosi and A. Cerri and G. Chlachidze and R. Culberston and M. Dell'Orso and S. Donati and I. Fiori and H. Frish and S. Galeotti and P. Giannetti and V. Glagolev and Y. Liu and E. Meschi and L. Moneta and F. Morsani and T. Nakaya and D. Passuello and G. Punzi and M. Rescigno and L. Ristori and H. Sanders and S. Sarkar and A. Semenov and M. Shochet and T. Speer and F. Spinella and X. Wu and U. Yang and L. Zanello and A. M. Zanetti},
	title = {Performance of the CDF Online Silicon Vertex Tracker},
	journal = {IEEE Transactions on Nuclear Science},
	year = {2001},

}

@article{ieee2001-pam,
	author = {A. Annovi and M. G. Bagliesi and A. Bardi and R. Carosi and M. Dell'Orso and P. Giannetti and G. Iannaccone and F. Morsani and M. Pietri and G. Varotto},
	title = {A Pipeline of Associative Memory Boards for Track Finding},
	journal = {IEEE Transactions on Nuclear Science},
	year = {2001},
	volume = {48},
	number = {3},
	pages = {595},

}

@article{ftk1,
	author = {A. Annovi and M.G. Bagliesi and A. Bardi and R. Carosi and M. Dell'Orso and M. D'Onofrio and et al.},
	title = {The fast tracker processor for hadron collider triggers},
	journal = {IEEE Trans on Nucl. Sci.},
	year = {2001},
	volume = {48},
	number = {3},
	pages = {575-580},
	month = {June},
	note = {Ottenibile da: http://www.pi.infn.it/~orso/ftk/}
}

@article{ieee2001,
	author = {A. Annovi and M. G. Bagliesi and A. Bardi and R. Carosi and M. Dell'Orso and P. Giannetti and F. Morsani and M. Pietri and G. Varotto},
	title = {The Data Organizer: a High Traffic Node
for Tracking Detector Data},
	journal = {IEEE Transactions on Nuclear Science},
	year = {2001},
	volume = {48},
	number = {4},
	pages = {1313},

}

@article{z0jet,
	author = {R. Lefevre, C. Santoni},
	title = {In situ determination of the scale and resolution of the jet energy measurements using Z0+jet events},
	journal = {ATLAS Notes},
	year = {2002},
	number = {ATL-PHYS-2002-026},

}

@conference{ckm2003-svt,
	author = {Ivan Villa for the CDF Coll},
	title = {Performance and First Physics Results of the SVT Trigger at CDF II},
	booktitle = {Workshop on the Unitarity Triangle IPPP Durham},
	year = {2003},

}

@article{cdf_mds_md_2003,
	author = {The CDF II Coll},
	title = {Measurement of the mass difference m(Ds+) - m(D+) at CDF II},
	journal = { Phys. Rev. D},
	year = {2003},
	volume = {68},
	number = {072004},
	pages = {11},

}

@article{ieee2004-rw,
	author = {J. Adelman and A. Annovi and A. Bardi and S. Belforte and R. Carosi and P. Catastini and A. Cerri and M. Dell'Orso and S. Galeotti and P. Giannetti and J. Lewis and T. Liu and T. Maruyama and F. Morsani and E. Pedreschi and M. Piendibene and M. Pitkanen and B. Reisert and L. Ristori and M. Shochet and F. Spinella and U. Yang},
	title = {The \"Road Warrior\" for the CDF Online Silicon Vertex Tracker},
	journal = {IEEE},
	year = {2004},

}

@article{ieee2004,
	author = {A. Annovi et al.},
	title = {Hadron Collider Triggers with High-Quality Tracking at Very High Event Rates},
	journal = {IEEE Trans. Nucl. Sci.},
	year = {2004},
	volume = {51},
	number = {391},

}

@book{pythiamanual,
	author = {Torbjorn Sjostrand and Stephen Mrenna and Peter Skands},
	title = {Pythia 6.4 Physics and Manual},
	year = {2006},
	month = {March},
	note = {hep-ph/0603175, LU TP 06-13, FERMILAB-PUB-06-052-CD-T}
}

@techreport{cdfii_tdr,
	author = {The CDF Coll},
	title = {CDF II Technical Design Report},
	institution = {Fermilab},
	year = {1996},
	note = {FERMILAB-Pub-96/390-E}
}

@MISC{buras-1998-,
  author = {Andrzej J. Buras},
  title = {Weak Hamiltonian, CP Violation and Rare Decays},
  url = {http://www.citebase.org/cgi-bin/citations?id=oai:arXiv.org:hep-ph/9806471},
  year = {1998}
}

@ARTICLE{collaboration-2005-95,
  author = {The CDF collaboration},
  title = {Search for Bs -> mu+mu- and Bd -> mu+mu- Decays in ppbar Collisions with  CDF II},
  journal = {ERRATUM-IBID.},
  volume = {95},
  pages = {249905},
  url = {http://www.citebase.org/cgi-bin/citations?id=oai:arXiv.org:hep-ex/0508036},
  year = {2005}
}

@ARTICLE{d0pre-2005,
  author = {The D0 Coll},
  title = {Update of the Upper Limit on hte Rare Decay Bs->mu+mu- with the D0 Detector},
  journal = {Preliminary Results for Spring 2005 Conferences},
  note = {D0Note 4733-CONF},
  year = {2005}
}

@ARTICLE{abazov-2005-94,
  author = {D0 Coll: V.~M. Abazov},
  title = {A Search for the Flavor-Changing Neutral Current Decay ${B^0}_s -> \mu^+\mu^-$   in $p\overline{p}$ Collisions at $\sqrt{s} = 1.96$ TeV with the D0 Detector},
  journal = {Physical Review Letters},
  volume = {94},
  pages = {071802},
  url = {http://www.citebase.org/cgi-bin/citations?id=oai:arXiv.org:hep-ex/0410039},
  year = {2005}
}

@ARTICLE{collaboration-2004-93,
  author = {CDF Coll and D. Acosta},
  title = {Search for Bs->mu+mu- and Bd->mu+mu- Decays in ppbar Collisions at   sqrt(s)=1.96 TeV},
  journal = {Physical Review Letters},
  volume = {93},
  pages = {032001},
  url = {http://www.citebase.org/cgi-bin/citations?id=oai:arXiv.org:hep-ex/0403032},
  year = {2004}
}

@ARTICLE{chang-2003-68,
  author = {M.~-C. Chang},
  title = {Search for B\^0 -> l\^+ l\^- at Belle},
  journal = {Physical Review D},
  volume = {68},
  pages = {111101},
  url = {http://www.citebase.org/cgi-bin/citations?id=oai:arXiv.org:hep-ex/0309069},
  year = {2003}
}

@ARTICLE{com-pyhs-2004-05,
  author = {A. Annovi and I. Vivarelli},
  title = {Study on Z->bb(bar) measurement},
  journal = {ATLAS Note},
  year = {2004},
  note = {COM-PHYS-2004-053}
}

@techreport{trigger-2005-cms,
  author = {The CMS Trigger and Data Acquisition Group},
  title = {The CMS High Level Trigger},
  url = {http://www.citebase.org/cgi-bin/citations?id=oai:arXiv.org:hep-ex/0512077},
  year = {2005}
}

@MISC{daq-2000-023,
  author = {A. Baratella and P. Morettini and F. Parodi},
  title = {b-tagging Event Selection for the ATLAS High Level Trigger},
  year = {2000},
  note = {ATL-DAQ-2000-023}
}

@conference{bmeeting-22-3-2006,
  author = {N. Nikitine and S. Sivoklovov and D. Tilsov and K. Toms},
  title = {Discovery physics in rare di-muon channels: at $10^{31}$, $10^{33}$ and $10^{34}$},
  year = {2006},
  note = {CERN ATLAS B-Physics and B-Trigger meeting 22 March 2006}
}

@conference{bmeeting-22-3-2006-2,
  author = {S. Sivoklovov},
  title = {DiMuon Selection at the EF},
  year = {2006},
  note = {CERN ATLAS B-Physics and B-Trigger meeting 22 March 2006}
}

@conference{bmeeting-22-3-2006-3,
  author = {S. Tarem and N. Panikashvili},
  title = {Low pT (Di)Muons for B-Physics},
  year = {2006},
  note = {CERN ATLAS B-Physics and B-Trigger meeting 22 March 2006}
}


@Article{Ansari:1987vf,
     author    = "Ansari, R. and others",
 collaboration = "UA2",
     title     = "SEARCH FOR DECAYS OF THE W+- AND Z BOSONS INTO QUARK -
                  ANTI-QUARK PAIRS",
     journal   = "Phys. Lett.",
     volume    = "B186",
     year      = "1987",
     pages     = "452",
     SLACcitation  = "%%CITATION = PHLTA,B186,452;%%"
}

@misc{ipat-doc1,
author = "James G. Locken and Armin Reichold",
title = "Description of a Pattern Recognition Algorithm using Continuous and Discrete Tracking Detectors",
year = "1996",
note = "indet-96-132"
}

@misc{usai-contrib,
author = "Giulio Usai",
title = "FastTrackSimWrap athena module, iPatRec modificato e script awk"
}

@misc{volpi-contrib,
author = "Guido Volpi",
title = "corrgen in ftksim e versione modificata di ParticleGenerator"
}

@misc{trackfitter-cdf,
   author = {T. Nakaya and U. K. Yang and B. Ashmanskas and M. Bogdan and R. Culbertson and H. Frisch and H. Sanders and M. Shochet},
   title = {Hardware Design and Specification of the SVT Track Fitter},
   year = {2001},
   note = {CDF/DOC/TRIGGER/5026}
}

@misc{bs-osc-cdf,
   author = {The CDF Coll},
   title = {Mesurement of the Bs Oscillation Frequency},
   year = {2006},
   note = {A full description of the analysis is given in the Joint Experimental Theoretical Physics Seminar at http://www-cdf.fnal.gov/physics/new/bottom/060406.blessed-Bsmix/}
}

@misc{runiib-trig,
  title = {Run IIb Physics Priorities and Triggers Committee Final Report},
  year = {2006},
  note = {CDF Note 8055}
}

@misc{bhh-cdf,
   author = {The CDF Coll},
   title = {Branching fractions and CP asimmetries in B(s,d)->hh},
   year = {2004},
   note = {CDF Note 7142}
}

@misc{cdf-note-8176,
   author = {The CDF Coll},
   title = {Search for Bs->mumu and Bd->mumu Decays in pp(bar) Collisions with CDF II},
   year = {2006},
   note = {CDF Public Note 8176}
}

@misc{atl-pyhs-2005-003,
   author = {N. Benekos and H. Bilokon and E. Bouhova-Thacker and B. Epp and V. M. Ghete and R. Jones and V. Kartvelishivili and T. Lagouri and J. F. Laporte and A. Nairz and N. Nikitine and P. Reznicek and S. Sivoklokov and M. Smizanska and M. Testa and K. Toms},
   title = {B-Physics performance with Initial and Complete Inner detector layouts in Data Challenge 1},
   year = {2005},
   note = {ATL-PHYS-2005-002}
}

@conference{rome-workshop-rare-b,
  author = {S. Sivoklovov},
  title = {Rare decays of Bs and Bd mesons to mumu(X)},
  year = {2005},
  note = {ATLAS Physics workshop (Roma) 6 Giugno 2005}
}

@conference{fermilab_9_12_2005,
 author = {Beate Heinemann},
 title = {Discovery Potential through Direct Searches for the CDF and D0 Collaborations},
 year = {2005},
 note = {Talk from 9/12/2005 Program planning at Fermilab}
}

@misc{Xilinx01,
   author = {Xilinx Inc.},
   title  = {The Programmable Logic Company},
   note = {http://www.xilinx.com/}
}  

@Article{Brubaker:2007rk,
     author    = "Brubaker, E. and others",
     title     = "{The Fast Track Processor Performances for Rare Decays at
                  the ATLAS Experiment}",
     journal   = "IEEE Trans. Nucl. Sci.",
     volume    = "55",
     year      = "2008",
     pages     = "145-150",
     doi       = "10.1109/TNS.2007.913476",
     SLACcitation  = "%%CITATION = IETNA,55,145;%%"
}

